<?xml version="1.0" encoding="UTF-8"?><collection xmlns="http://www.loc.gov/MARC21/slim"><record><leader>00378nam--2200145-i-4500</leader><controlfield tag="001">000023825</controlfield><controlfield tag="002">20161230</controlfield><controlfield tag="005">20161230201035</controlfield><controlfield tag="008">060222s1000------------r-----000-0-eng-d</controlfield><datafield ind1=" " ind2=" " tag="080"><subfield code="a">519.712</subfield></datafield><datafield ind1=" " ind2=" " tag="100"><subfield code="a">Grenander, U</subfield></datafield><datafield ind1=" " ind2=" " tag="245"><subfield code="a">Lectures in pattern theory</subfield></datafield><datafield ind1=" " ind2=" " tag="260"><subfield code="a">New York, Springer-verlag, 1976. 605 P</subfield></datafield><datafield ind1=" " ind2=" " tag="490"><subfield code="a">Applied Mathematical Sciences 18 And 24</subfield></datafield><datafield ind1=" " ind2=" " tag="852"><subfield code="a">46532</subfield></datafield></record></collection>